% Encoding: UTF-8

@TechReport{aiProgrammer,
  author      = {Kory Becker , Justin Gottschlich},
  title       = {AI Programmer: Autonomously Creating Software Programs Using Genetic Algorithms},
  institution = {Primary Objects},
  year        = {2017},
  month       = sep,
  timestamp   = {2017-09-17},
  url         = {https://arxiv.org/pdf/1709.05703.pdf},
}

@Article{greene,
  author   = {Tristan Greene},
  title    = {Google’s AI can create better machine-learning code than the researchers who made it},
  journal  = {The Next Web},
  year     = {2017},
  month    = oct,
  language = {English},
  url      = {https://thenextweb.com/artificial-intelligence/2017/10/16/googles-ai-can-create-better-machine-learning-code-than-the-researchers-who-made-it/},
}

@Article{DeepCoder,
  author       = {QuHarrison Terry},
  title        = {Microsoft has created an A.I. that can write its own code},
  journal      = {LinkedIn},
  year         = {2017},
  month        = mar,
  howpublished = {LinkedIn article},
  language     = {English},
  url          = {https://www.linkedin.com/pulse/microsoft-has-created-ai-can-write-its-own-code-quharrison-terry/},
}

@Electronic{github,
  author = {primaryObjects},
  month  = aug,
  year   = {2017},
  title  = {Using artificial intelligence and genetic algorithms to automatically write programs. Tutorial.},
  url    = {https://github.com/primaryobjects/AI-Programmer},
}

@Electronic{primaryObjects,
  author   = {Kory Becker},
  month    = jan,
  year     = {2013},
  title    = {Using Artificial Intelligence to Write Self-Modifying/Improving Programs},
  language = {English},
  url      = {http://www.primaryobjects.com/2013/01/27/using-artificial-intelligence-to-write-self-modifying-improving-programs/},
}

@Article{techcrunch,
  author  = {John Biggs},
  title   = {DeepCoder builds programs using code it finds lying around},
  journal = {TechCrunch},
  year    = {2017},
  month   = feb,
  url     = {https://techcrunch.com/2017/02/23/deepcoder-builds-programs-using-code-it-finds-lying-around/},
}

@Article{NewScientist,
  author    = {Matt Reynolds},
  title     = {AI learns to write its own code by stealing from other programs},
  journal   = {New Scientist},
  year      = {2017},
  month     = feb,
  timestamp = {2017-02-22},
  url       = {https://www.newscientist.com/article/mg23331144-500-ai-learns-to-write-its-own-code-by-stealing-from-other-programs/},
}

@TechReport{seq2sqlPaper,
  author      = {Victor Zhong , Caiming Xiong , Richard Socher},
  title       = {Seq2SQL: Generating Structured Queries from Natural Language using Reinforcement Learning},
  institution = {SalesForce},
  year        = {2017},
  month       = aug,
  timestamp   = {2017-08-31},
  url         = {https://einstein.ai/static/images/pages/research/seq2sql/seq2sql.pdf},
}

@Electronic{wikisql,
  author = {salesforce},
  month  = nov,
  year   = {2017},
  title  = {WikiSQL},
  note   = {Github-repository},
  url    = {https://github.com/salesforce/WikiSQL},
}

@Electronic{seq2sql,
  author = {dadashkarimi},
  month  = feb,
  year   = {2018},
  title  = {Seq2SQL},
  note   = {Github-repository},
  url    = {https://github.com/dadashkarimi/seq2sql},
}

@TechReport{sqlnetPaper,
  author      = {Xiaojun Xu , Chang Liu, Dawn Song},
  title       = {SQLNet: GENERATING STRUCTURED QUERIES FROM NATURAL LANGUAGE WITHOUT REINFORCEMENT LEARNING},
  institution = {Shangai Jiao Tong Iniversity \& University of the California, Berkeley},
  year        = {2017},
  timestamp   = {2017-11-13},
  url         = {https://arxiv.org/pdf/1711.04436.pdf},
}

@Electronic{sqlnet,
  author = {xiaojunxu},
  month  = jan,
  year   = {2017},
  title  = {SQLNet},
  note   = {Github-repository},
  url    = {https://github.com/xiaojunxu/SQLNet},
}

@Article{nlidbs,
  author    = {Garima Singh, Arun Solanki},
  title     = {An algorithm to transform natural language into SQL queries for relational databases},
  journal   = {Selforganizology},
  year      = {2016},
  month     = sep,
  timestamp = {2016-09-01},
  url       = {http://www.iaees.org/publications/journals/selforganizology/articles/2016-3(3)/algorithm-to-transform-natural-language-into-SQL-queries.pdf},
}

@Electronic{nlidb,
  author = {DukeNLIDB},
  month  = oct,
  year   = {2017},
  title  = {NLIDB},
  note   = {Github-repository},
  url    = {https://github.com/DukeNLIDB/NLIDB},
}

@TechReport{nl2prog,
  author      = {Chenglong Wang, Marc Brockschmidt, Rishabh Singh},
  title       = {NL2Prog - POINTING OUT SQL QUERIES FROM TEXT},
  institution = {University of Washington \& Microsoft Research},
  year        = {2017},
  url         = {https://www.microsoft.com/en-us/research/wp-content/uploads/2017/11/nl2prog.pdf},
}

@Misc{fourthgenpl,
  author = {Techopedia},
  title  = {Fourth Generation (Programming) Language (4GL)},
  url    = {https://www.techopedia.com/definition/24308/fourth-generation-programming-language-4gl},
}

@TechReport{cursusAI,
  author       = {Stijn Lievens},
  title        = {Artificiële Intelligentie - Lesnota's},
  institution  = {Hogeschool Gent},
  year         = {2017},
  month        = sep,
  note         = {cursus artificiële intelligentie},
  howpublished = {pdf},
}

@Article{tweakers,
  author    = {Willem de Moor},
  title     = {Neurale netwerken - De beslissende kracht achter internet},
  journal   = {Tweakers},
  year      = {2017},
  month     = dec,
  timestamp = {2017-12-18},
  url       = {https://tweakers.net/reviews/5901/3/neurale-netwerken-de-beslissende-kracht-achter-internet-hoe-werkt-een-neuraal-netwerk.html},
}

@Article{techpulse,
  author    = {Dorien Vervoort},
  title     = {Wat is een artificieel neuraal netwerk?},
  journal   = {Tech Pulse},
  year      = {2017},
  timestamp = {2017-08-11},
  url       = {https://www.techpulse.be/achtergrond/217521/wat-een-artificieel-neuraal-netwerk/},
}

@Misc{neuraldesigners,
  author = {Alberto Quesada},
  title  = {5 algorithms to train a neural network},
  year   = {2017},
  url    = {https://www.neuraldesigner.com/blog/5_algorithms_to_train_a_neural_network},
}

@Article{Gartner,
  author    = {Amy Ann Forni, Rob van der Meulen},
  title     = {Gartner Says Artificial Intelligence Could Turn Some Skilled Practices Into Utilities},
  journal   = {Gartner},
  year      = {2017},
  timestamp = {2017-05-09},
  url       = {https://www.gartner.com/newsroom/id/3707317},
}

@Misc{rnn,
  author = {Techopedia},
  title  = {Recurrent Neural Network (RNN)},
  url    = {https://www.techopedia.com/definition/32834/recurrent-neural-network-rnn},
}

@Misc{drnn,
  author       = {Willian Darling},
  title        = {Sequence to Sequence – Deep Recurrent Neural Networks in CNTK – Part 1},
  month        = nov,
  year         = {2016},
  editor       = {Wiliam Darling},
  organization = {Microsoft},
  timestamp    = {2016-11-14},
  url          = {https://www.microsoft.com/en-us/cognitive-toolkit/blog/2016/11/sequence-to-sequence-deep-recurrent-neural-networks-in-cntk-part-1/},
}

@Electronic{rdp,
  author   = {Rob DiPietro},
  month    = may,
  year     = {2016},
  title    = {A Friendly Introduction to Cross-Entropy Loss},
  language = {English},
  url      = {http://rdipietro.github.io/friendly-intro-to-cross-entropy-loss/},
}

@Comment{jabref-meta: databaseType:bibtex;}
