% Encoding: windows-1252

@Article{DeepCoder,
  author       = {QuHarrison Terry},
  title        = {Microsoft has created an A.I. that can write its own code},
  journal      = {LinkedIn},
  year         = {2017},
  month        = mar,
  howpublished = {LinkedIn article},
  language     = {English},
  url          = {https://www.linkedin.com/pulse/microsoft-has-created-ai-can-write-its-own-code-quharrison-terry/},
}

@Electronic{primaryObject,
  author   = {Kory Becker},
  month    = jan,
  year     = {2013},
  title    = {Using Artificial Intelligence to Write Self-Modifying/Improving Programs},
  language = {English},
  url      = {http://www.primaryobjects.com/2013/01/27/using-artificial-intelligence-to-write-self-modifying-improving-programs/},
}

@Electronic{github,
  author = {primaryObjects},
  month  = aug,
  year   = {2017},
  title  = {Using artificial intelligence and genetic algorithms to automatically write programs. Tutorial.},
  url    = {https://github.com/primaryobjects/AI-Programmer},
}

@TechReport{aiProgrammer,
  author      = {Kory Becker , Justin Gottschlich},
  title       = {AI Programmer: Autonomously Creating Software Programs Using Genetic Algorithms},
  institution = {Primary Objects},
  year        = {2017},
  month       = sep,
  timestamp   = {2017-09-17},
  url         = {https://arxiv.org/pdf/1709.05703.pdf},
}

@Article{greene,
  author   = {Tristan Greene},
  title    = {Google’s AI can create better machine-learning code than the researchers who made it},
  journal  = {The Next Web},
  year     = {2017},
  month    = oct,
  language = {English},
  url      = {https://thenextweb.com/artificial-intelligence/2017/10/16/googles-ai-can-create-better-machine-learning-code-than-the-researchers-who-made-it/},
}

@Comment{jabref-meta: databaseType:bibtex;}
